<?xml version="1.0" encoding="UTF-8"?><collection xmlns="http://www.loc.gov/MARC21/slim"><record><leader>00552nam--2200121-i-4500</leader><controlfield tag="001">000019393</controlfield><controlfield tag="002">20161230</controlfield><controlfield tag="005">20161230201033</controlfield><controlfield tag="008">060222s1000------------r-----000-0-eng-d</controlfield><datafield ind1=" " ind2=" " tag="080"><subfield code="a">33.001.891</subfield></datafield><datafield ind1=" " ind2=" " tag="245"><subfield code="a">Fond national de la recherche scientifique. liste des beneficiares d`une subvention du fonds national de la recherche scientifique ou d`un des trois fonds associes avec indication des rechercheres pour suivies et de l`institution d`accueil. 1971</subfield></datafield><datafield ind1=" " ind2=" " tag="260"><subfield code="a">Bruxelles, Institut Interuniversitaire Des Science Nucleaires, 1971. 367 P</subfield></datafield><datafield ind1=" " ind2=" " tag="852"><subfield code="a">D.1297</subfield></datafield></record></collection>